@article{Burman1994,
	author = {Burman, P. and Chow, E. and Nolan, D.},
	date-added = {2024-09-11 06:07:30 -0700},
	date-modified = {2024-09-11 06:08:09 -0700},
	journal = {Biometrika},
	number = {2},
	pages = {351-358},
	title = {A cross-validatory method for dependent data},
	volume = {81},
	year = {1994}}

@article{Bergmeir2018,
	author = {Bergmeir, C. and Hyndmanb, Rob J. and Koob, B.},
	date-added = {2024-09-11 06:02:31 -0700},
	date-modified = {2024-09-11 06:04:40 -0700},
	journal = {Computational Statistics and Data Analysis},
	pages = {70-83},
	title = {A Note on the Validity of Cross-Validation for Evaluating Autoregressive Time Series Prediction. },
	volume = {120},
	year = {2018}}

@article{Bradley,
	author = {Bradley, R. C.},
	date-added = {2024-09-11 06:10:14 -0700},
	date-modified = {2024-09-11 06:11:01 -0700},
	journal = {Probability Surveys},
	pages = {107-144},
	title = {Basic Properties of Strong Mixing Conditions: A Survey and Some Open Questions.},
	volume = {2},
	year = {2005}}

@article{Burman1992,
	author = {Burman, P. and Nolan, D.},
	date-added = {2024-09-11 06:08:13 -0700},
	date-modified = {2024-09-11 06:08:42 -0700},
	journal = {Journal of Time Series Analysis},
	number = {3},
	pages = {189-207},
	title = {Data-dependent estimation of prediction functions},
	volume = {13},
	year = {1992}}

@book{Hastie,
	author = {Hastie, T. and Tibshirani, R. and Friedman, J.},
	date-added = {2024-09-11 06:12:26 -0700},
	date-modified = {2024-09-11 06:12:48 -0700},
	publisher = {Springer},
	title = {Elements of Statistical Learning},
	year = {2009}}

@book{Doukhan,
	author = {Doukhan, P.},
	date-added = {2024-09-11 06:09:44 -0700},
	date-modified = {2024-09-11 06:10:13 -0700},
	publisher = {Springer},
	title = {Mixing: Properties and Examples},
	year = {1994}}

@article{Cheng,
	author = {Cheng, H. and Tan, PN. and Gao, J. and Scripps, J.},
	date-added = {2024-09-11 06:13:43 -0700},
	date-modified = {2024-09-11 06:15:39 -0700},
	journal = {Lecture Notes in Computer Science()},
	title = {Multistep-Ahead Time Series Prediction},
	volume = {3918},
	year = {2006}}

@book{Gyorfi,
	author = {Gyorfi, L. and Hardle, W. and Sarda, P. and Vieu, P.},
	date-added = {2024-09-11 06:08:45 -0700},
	date-modified = {2024-09-11 06:09:42 -0700},
	publisher = {Springer Verlag, Berlin},
	title = {Nonparametric Curve Estimation from Time Series},
	year = {1989}}

@article{Bergmeir2012,
	author = {Bergmeir, C. and Benitez, J. M.},
	date-added = {2024-09-11 06:06:04 -0700},
	date-modified = {2024-09-11 06:06:48 -0700},
	journal = {Information Sciences},
	pages = {192-213},
	title = {On the use of cross-validation for time series predictor evaluation},
	volume = {191},
	year = {2012}}

@article{Bergmeir2014,
	author = {Bergmeir, C. and Costantini, M. and Benitez, J. M.},
	date-added = {2024-09-11 06:04:59 -0700},
	date-modified = {2024-09-11 06:05:57 -0700},
	journal = {Computational Statistics and Data Analysis},
	pages = {132-143},
	title = {On the usefulness of cross-validation for directional forecast evaluation},
	volume = {76},
	year = {2014}}

@article{Tashman,
	author = {Tashman, Leonard J.},
	date-added = {2024-09-11 06:06:52 -0700},
	date-modified = {2024-09-11 06:07:27 -0700},
	journal = {International Journal of Forecasting},
	number = {4},
	pages = {437-450},
	title = {Out-of-sample tests of forecasting accuracy: an analysis and review},
	volume = {16},
	year = {2000}}

@article{Wang,
	author = {Wang, H. and Li, G. and Tsai, C.},
	date-added = {2024-09-11 06:15:40 -0700},
	date-modified = {2024-09-11 06:16:18 -0700},
	journal = {Journal of the Royal Statistical Society},
	number = {1},
	pages = {63-78},
	title = {Regression coefficient and autoregressive order shrinkage and selection via the Lasso},
	volume = {69},
	year = {2007}}

@article{Tibshirani,
	author = {Tibshirani, R.},
	date-added = {2024-09-11 06:16:20 -0700},
	date-modified = {2024-09-11 06:16:54 -0700},
	journal = {Journal of the Royal Statistical Society},
	number = {1},
	pages = {267-288},
	title = {Regression shrinkage and selection via the Lasso},
	volume = {58},
	year = {1996}}

@article{Brewer,
	author = {Brewer, M.J. and Butler, A. and Cooksley, S.L.},
	date-added = {2024-09-11 06:11:35 -0700},
	date-modified = {2024-09-11 06:12:25 -0700},
	journal = {Methods Ecol Evol},
	pages = {679-692},
	title = {The relative performance of AIC, AICC and BIC in the presence of unobserved heterogeneity.},
	volume = {7},
	year = {2016}}

@book{Brockwell,
	author = {Brockwell, P. J. and Davis, R. A.},
	date-added = {2024-09-11 06:11:04 -0700},
	date-modified = {2024-09-11 06:11:30 -0700},
	publisher = {Springer},
	title = {Time Series: Theory and Methods.},
	year = {1991}}

@article{Shao,
	author = {Shao, Yu and Li, Xin and Zhang, Tuqiao and Chu, Shipeng and Liu, Xiaowei},
	date-added = {2024-09-11 06:12:53 -0700},
	date-modified = {2024-09-11 06:13:41 -0700},
	journal = {Sensors},
	number = {3070},
	title = {Time-Series-Based Leakage Detection Using Multiple Pressure Sensors in Water Distribution Systems},
	volume = {19},
	year = {2019}}


@article{Takemura2016,
	author = {Akimichi Takemura},
	doi = {https://doi.org/10.1016/j.spl.2015.12.023},
	issn = {0167-7152},
	journal = {Statistics \& Probability Letters},
	keywords = {Autocorrelation function, Durbin--Levinson algorithm},
	pages = {207-210},
	title = {Exponential decay rate of partial autocorrelation coefficients of ARMA and short-memory processes},
	url = {https://www.sciencedirect.com/science/article/pii/S0167715215303904},
	volume = {110},
	year = {2016},
	bdsk-url-1 = {https://www.sciencedirect.com/science/article/pii/S0167715215303904},
	bdsk-url-2 = {https://doi.org/10.1016/j.spl.2015.12.023}}
